@Article{Hacke2018,
  author    = {Peter Hacke and Sumanth Lokanath and Paul Williams and Arvind Vasan and Paul Sochor and GovindaSamy TamizhMani and Hirofumi Shinohara and Sarah Kurtz},
  journal   = {Renewable and Sustainable Energy Reviews},
  title     = {A status review of photovoltaic power conversion equipment reliability, safety, and quality assurance protocols},
  year      = {2018},
  month     = {feb},
  pages     = {1097--1112},
  volume    = {82},
  comment   = {Solar PV is progressively becoming the most appropriate source for electrical power generation among all other sustainable energy sources due to its merits such as abundance, pollution free (known as green energy), no rotating parts, less maintenance, less noise, lower operational costs, and high modularity},
  doi       = {10.1016/j.rser.2017.07.043},
  publisher = {Elsevier {BV}},
}

@Book{Teodorescu2011,
  author    = {Teodorescu, Remus and Liserre, Marco and Rodriguez, Pedro},
  publisher = {John Wiley & Sons},
  title     = {Grid Converters for Photovoltaic and Wind Power Systems},
  year      = {2011},
  isbn      = {0470057513},
  month     = feb,
  comment   = {This book explains the topologies, modulation and control of grid converters for both photovoltaic and wind power applications. In addition to power electronics, this book focuses on the specific applications in photovoltaic wind power systems where grid condition is an essential factor},
  ean       = {9780470057513},
  pagetotal = {418},
  url       = {https://www.ebook.de/de/product/6597146/remus_teodorescu_marco_liserre_pedro_rodriguez_grid_converters_for_photovoltaic_and_wind_power_systems.html},
}

@Book{Mukhopadhyay2014,
  editor    = {Subhas Chandra Mukhopadhyay},
  publisher = {Springer International Publishing},
  title     = {Internet of Things},
  year      = {2014},
  comment   = {The term Internet of things (IoT) is used to describe embedded devices
(things) with Internet connectivitsy, allowing them to interact with each other, services, and people on a global scale},
  doi       = {10.1007/978-3-319-04223-7},
}

@Book{,
  author    = {Hulsebos, Rob},
  publisher = {S.l. : s.n., 2019},
  title     = {Modbus : the manual},
  year      = {2019},
}

@Book{Hanes2017,
  author    = {Hanes, David and Salgueiro, Gonzalo and Grossetete, Patrick},
  publisher = {CISCO},
  title     = {IoT Fundamentals: Networking Technologies, Protocols, and Use Cases for the Internet of Things},
  year      = {2017},
  isbn      = {1587144565},
  month     = jun,
  comment   = {Today, billions of devices are Internet-connected, IoT standards and protocols are stabilizing, and technical professionals must increasingly solve real problems with IoT technologies. Now, five leading Cisco IoT experts present the first comprehensive, practical reference for making IoT work},
  ean       = {9781587144561},
  pagetotal = {576},
  url       = {https://www.ebook.de/de/product/25454711/david_hanes_gonzalo_salgueiro_patrick_grossetete_iot_fundamentals_networking_technologies_protocols_and_use_cases_for_the_internet_of_things.html},
}

@Article{Kassab2020,
  author    = {Wafa{\textquotesingle}a Kassab and Khalid A. Darabkh},
  journal   = {Journal of Network and Computer Applications},
  title     = {A{\textendash}Z survey of Internet of Things: Architectures, protocols, applications, recent advances, future directions and recommendations},
  year      = {2020},
  month     = {aug},
  pages     = {102663},
  volume    = {163},
  comment   = {Not only to this extent but rather, this survey details the simulation tools of IoT networks, IoT sensors along with their recent application areas, broad IoT research challenges, as well as in-depth analysis of IoT research history and recommendations that attract current IoT researchers' attention.},
  doi       = {10.1016/j.jnca.2020.102663},
  publisher = {Elsevier {BV}},
}

@Article{Gubbi2013,
  author    = {Jayavardhana Gubbi and Rajkumar Buyya and Slaven Marusic and Marimuthu Palaniswami},
  journal   = {Future Generation Computer Systems},
  title     = {Internet of Things ({IoT}): A vision, architectural elements, and future directions},
  year      = {2013},
  month     = {sep},
  number    = {7},
  pages     = {1645--1660},
  volume    = {29},
  doi       = {10.1016/j.future.2013.01.010},
  publisher = {Elsevier {BV}},
}

@Article{Lee2015,
  author    = {In Lee and Kyoochun Lee},
  journal   = {Business Horizons},
  title     = {The Internet of Things ({IoT}): Applications, investments, and challenges for enterprises},
  year      = {2015},
  month     = {jul},
  number    = {4},
  pages     = {431--440},
  volume    = {58},
  doi       = {10.1016/j.bushor.2015.03.008},
  publisher = {Elsevier {BV}},
}

@Article{Shafique2020,
  author    = {Kinza Shafique and Bilal A. Khawaja and Farah Sabir and Sameer Qazi and Muhammad Mustaqim},
  journal   = {{IEEE} Access},
  title     = {Internet of Things ({IoT}) for Next-Generation Smart Systems: A Review of Current Challenges, Future Trends and Prospects for Emerging 5G-{IoT} Scenarios},
  year      = {2020},
  pages     = {23022--23040},
  volume    = {8},
  doi       = {10.1109/access.2020.2970118},
  publisher = {Institute of Electrical and Electronics Engineers ({IEEE})},
}

@Article{Wortmann2015,
  author    = {Felix Wortmann and Kristina Fl√ºchter},
  journal   = {Business {\&} Information Systems Engineering},
  title     = {Internet of Things},
  year      = {2015},
  month     = {mar},
  number    = {3},
  pages     = {221--224},
  volume    = {57},
  doi       = {10.1007/s12599-015-0383-3},
  publisher = {Springer Science and Business Media {LLC}},
}

@Article{Xia2012,
  author    = {Feng Xia and Laurence T. Yang and Lizhe Wang and Alexey Vinel},
  journal   = {International Journal of Communication Systems},
  title     = {Internet of Things},
  year      = {2012},
  month     = {aug},
  number    = {9},
  pages     = {1101--1102},
  volume    = {25},
  doi       = {10.1002/dac.2417},
  publisher = {Wiley},
}

@Article{Madakam2015,
  author    = {Somayya Madakam and R. Ramaswamy and Siddharth Tripathi},
  journal   = {Journal of Computer and Communications},
  title     = {Internet of Things ({IoT}): A Literature Review},
  year      = {2015},
  number    = {05},
  pages     = {164--173},
  volume    = {03},
  doi       = {10.4236/jcc.2015.35021},
  publisher = {Scientific Research Publishing, Inc.},
}

@Article{Ahmed2021,
  author    = {Majd S. Ahmed},
  journal   = {Materials Today: Proceedings},
  title     = {Designing of internet of things for real time system},
  year      = {2021},
  month     = {apr},
  doi       = {10.1016/j.matpr.2021.03.527},
  publisher = {Elsevier {BV}},
}

@Article{Babu2021,
  author    = {T. Babu and H. Roopa and Arvind Kumar Shukla and D. Stalin David and S. Jayadatta and A.S. Rajesh},
  journal   = {Materials Today: Proceedings},
  title     = {Internet of things-based automation design and organizational innovation of manufacturing enterprises},
  year      = {2021},
  month     = {nov},
  doi       = {10.1016/j.matpr.2021.10.459},
  publisher = {Elsevier {BV}},
}

@Article{Zhou2017,
  author    = {Bing Zhou},
  journal   = {International Journal of Online Engineering ({iJOE})},
  title     = {A Wireless Internet of Things Architecture Based on Mobile Internet},
  year      = {2017},
  month     = {nov},
  number    = {10},
  pages     = {132},
  volume    = {13},
  doi       = {10.3991/ijoe.v13i10.7745},
  publisher = {International Association of Online Engineering ({IAOE})},
}

@Article{Choi2021,
  author    = {Wonyoung Choi and Jisu Kim and SangEun Lee and Eunil Park},
  journal   = {Journal of Cleaner Production},
  title     = {Smart home and internet of things: A bibliometric study},
  year      = {2021},
  month     = {jun},
  pages     = {126908},
  volume    = {301},
  doi       = {10.1016/j.jclepro.2021.126908},
  publisher = {Elsevier {BV}},
}

@InCollection{Kramp2013,
  author    = {Thorsten Kramp and Rob van Kranenburg and Sebastian Lange},
  booktitle = {Enabling Things to Talk},
  publisher = {Springer Berlin Heidelberg},
  title     = {Introduction to the Internet of Things},
  year      = {2013},
  pages     = {1--10},
  doi       = {10.1007/978-3-642-40403-0_1},
}

@Book{Goodwin2010,
  author    = {Steven Goodwin},
  publisher = {Apress},
  title     = {Smart Home Automation with Linux},
  year      = {2010},
  doi       = {10.1007/978-1-4302-2779-3},
}

@Article{Setz2021,
  author    = {Brian Setz and Sebastian Graef and Desislava Ivanova and Alexander Tiessen and Marco Aiello},
  journal   = {{IEEE} Access},
  title     = {A Comparison of Open-Source Home Automation Systems},
  year      = {2021},
  pages     = {167332--167352},
  volume    = {9},
  doi       = {10.1109/access.2021.3136025},
  publisher = {Institute of Electrical and Electronics Engineers ({IEEE})},
}

@Article{Sowah2020,
  author    = {Robert A. Sowah and Dale E. Boahene and Dalton C. Owoh and Rexford Addo and Godfrey A. Mills and Wiafe Owusu-Banahene and Gifty Buah and Baffour Sarkodie-Mensah},
  journal   = {Journal of Sensors},
  title     = {Design of a Secure Wireless Home Automation System with an Open Home Automation Bus ({OpenHAB} 2) Framework},
  year      = {2020},
  month     = {oct},
  pages     = {1--22},
  volume    = {2020},
  doi       = {10.1155/2020/8868602},
  editor    = {Rafael Morales},
  publisher = {Hindawi Limited},
}

@InProceedings{Sowah2018,
  author    = {Robert A. Sowah and Abdul R. Ofoli and Michael K. Tetteh and Richard A. Opoku and Stephen K. Armoo},
  booktitle = {2018 {IEEE} 7th International Conference on Adaptive Science {\&} Technology ({ICAST})},
  title     = {Demand Side Management of Smart Homes Using {OpenHAB} Framework for Interoperability of Devices},
  year      = {2018},
  month     = {aug},
  publisher = {{IEEE}},
  doi       = {10.1109/icastech.2018.8506917},
}

@InProceedings{Parocha2019,
  author    = {Raymark C. Parocha and Erees Queen B. Macabebe},
  booktitle = {2019 {IEEE} International Conference on Internet of Things and Intelligence System ({IoTaIS})},
  title     = {Implementation of Home Automation System Using {OpenHAB} Framework for Heterogeneous {IoT} Devices},
  year      = {2019},
  month     = {nov},
  publisher = {{IEEE}},
  doi       = {10.1109/iotais47347.2019.8980370},
}

@Book{Jain2021,
  author    = {Rishabh Jain},
  publisher = {Apress},
  title     = {Advanced Home Automation Using Raspberry Pi},
  year      = {2021},
  doi       = {10.1007/978-1-4842-7274-9},
}

@Book{AlWaeli2019,
  author    = {Ali H. A. Al-Waeli and Hussein A. Kazem and Miqdam Tariq Chaichan and Kamaruzzaman Sopian},
  publisher = {Springer International Publishing},
  title     = {Photovoltaic/Thermal ({PV}/T) Systems},
  year      = {2019},
  doi       = {10.1007/978-3-030-27824-3},
}

@Article{Kouro2015,
  author    = {Samir Kouro and Jose I. Leon and Dimitri Vinnikov and Leopoldo G. Franquelo},
  journal   = {{IEEE} Industrial Electronics Magazine},
  title     = {Grid-Connected Photovoltaic Systems: An Overview of Recent Research and Emerging {PV} Converter Technology},
  year      = {2015},
  month     = {mar},
  number    = {1},
  pages     = {47--61},
  volume    = {9},
  doi       = {10.1109/mie.2014.2376976},
  publisher = {Institute of Electrical and Electronics Engineers ({IEEE})},
}

@Comment{jabref-meta: databaseType:bibtex;}
