@Book{Teodorescu2011,
  author       = {Teodorescu, Remus and Liserre, Marco and Rodriguez, Pedro},
  date         = {2011-02},
  title        = {Grid Converters for Photovoltaic and Wind Power Systems},
  doi          = {10.1016/j.rser.2017.07.043},
  isbn         = {0470057513},
  pages        = {1097--1112},
  publisher    = {John Wiley & Sons},
  url          = {https://www.ebook.de/de/product/6597146/remus_teodorescu_marco_liserre_pedro_rodriguez_grid_converters_for_photovoltaic_and_wind_power_systems.html},
  volume       = {82},
  file         = {:Teodorescu2011.pdf:PDF},
  journaltitle = {Renewable and Sustainable Energy Reviews},
}

@Article{Kassab2020,
  author       = {Wafa{\textquotesingle}a Kassab and Khalid A. Darabkh},
  date         = {2020-08},
  journaltitle = {Journal of Network and Computer Applications},
  title        = {A{\textendash}Z survey of Internet of Things: Architectures, protocols, applications, recent advances, future directions and recommendations},
  doi          = {10.1016/j.jnca.2020.102663},
  editor       = {Subhas Chandra Mukhopadhyay},
  issn         = {1084-8045},
  pages        = {102663},
  url          = {https://www.ebook.de/de/product/25454711/david_hanes_gonzalo_salgueiro_patrick_grossetete_iot_fundamentals_networking_technologies_protocols_and_use_cases_for_the_internet_of_things.html},
  volume       = {163},
  file         = {:Kassab2020.pdf:PDF},
  isbn         = {1587144565},
  publisher    = {Elsevier {BV}},
}

@Article{Gubbi2013,
  author       = {Jayavardhana Gubbi and Rajkumar Buyya and Slaven Marusic and Marimuthu Palaniswami},
  date         = {2013-09},
  journaltitle = {Future Generation Computer Systems},
  title        = {Internet of Things ({IoT}): A vision, architectural elements, and future directions},
  doi          = {10.1016/j.future.2013.01.010},
  editor       = {Subhas Chandra Mukhopadhyay},
  number       = {7},
  pages        = {1645--1660},
  url          = {https://www.ebook.de/de/product/25454711/david_hanes_gonzalo_salgueiro_patrick_grossetete_iot_fundamentals_networking_technologies_protocols_and_use_cases_for_the_internet_of_things.html},
  volume       = {29},
  file         = {:Gubbi2013.pdf:PDF},
  isbn         = {1587144565},
  publisher    = {Elsevier {BV}},
}

@Article{Shafique2020,
  author       = {Kinza Shafique and Bilal A. Khawaja and Farah Sabir and Sameer Qazi and Muhammad Mustaqim},
  date         = {2020-07},
  journaltitle = {{IEEE} Access},
  title        = {Internet of Things ({IoT}) for Next-Generation Smart Systems: A Review of Current Challenges, Future Trends and Prospects for Emerging 5G-{IoT} Scenarios},
  doi          = {10.1109/access.2020.2970118},
  editor       = {Subhas Chandra Mukhopadhyay},
  number       = {4},
  pages        = {23022--23040},
  url          = {https://www.ebook.de/de/product/25454711/david_hanes_gonzalo_salgueiro_patrick_grossetete_iot_fundamentals_networking_technologies_protocols_and_use_cases_for_the_internet_of_things.html},
  volume       = {8},
  file         = {:Shafique2020.pdf:PDF},
  isbn         = {1587144565},
  publisher    = {Institute of Electrical and Electronics Engineers ({IEEE})},
}

@Article{Wortmann2015,
  author       = {Felix Wortmann and Kristina Flüchter},
  date         = {2015-03},
  journaltitle = {Business {\&} Information Systems Engineering},
  title        = {Internet of Things},
  doi          = {10.1007/s12599-015-0383-3},
  editor       = {Subhas Chandra Mukhopadhyay},
  number       = {3},
  pages        = {221--224},
  url          = {https://www.ebook.de/de/product/25454711/david_hanes_gonzalo_salgueiro_patrick_grossetete_iot_fundamentals_networking_technologies_protocols_and_use_cases_for_the_internet_of_things.html},
  volume       = {57},
  file         = {:Wortmann2015.pdf:PDF},
  isbn         = {1587144565},
  publisher    = {Springer Science and Business Media {LLC}},
}

@Article{Choi2021,
  author       = {Wonyoung Choi and Jisu Kim and SangEun Lee and Eunil Park},
  date         = {2021-06},
  journaltitle = {Journal of Cleaner Production},
  title        = {Smart home and internet of things: A bibliometric study},
  doi          = {10.1016/j.jclepro.2021.126908},
  editor       = {Subhas Chandra Mukhopadhyay},
  number       = {10},
  pages        = {126908},
  url          = {https://www.ebook.de/de/product/25454711/david_hanes_gonzalo_salgueiro_patrick_grossetete_iot_fundamentals_networking_technologies_protocols_and_use_cases_for_the_internet_of_things.html},
  volume       = {301},
  file         = {:Choi2021.pdf:PDF},
  isbn         = {1587144565},
  publisher    = {Elsevier {BV}},
}

@InCollection{Kramp2013,
  author       = {Thorsten Kramp and Rob van Kranenburg and Sebastian Lange},
  booktitle    = {Enabling Things to Talk},
  date         = {2013-06},
  title        = {Introduction to the Internet of Things},
  doi          = {10.1007/978-3-642-40403-0_1},
  editor       = {Subhas Chandra Mukhopadhyay},
  isbn         = {1587144565},
  number       = {10},
  pages        = {1--10},
  publisher    = {Springer Berlin Heidelberg},
  url          = {https://www.ebook.de/de/product/25454711/david_hanes_gonzalo_salgueiro_patrick_grossetete_iot_fundamentals_networking_technologies_protocols_and_use_cases_for_the_internet_of_things.html},
  volume       = {301},
  file         = {:Kramp2013.pdf:PDF},
  journaltitle = {Journal of Cleaner Production},
}

@Article{Setz2021,
  author       = {Brian Setz and Sebastian Graef and Desislava Ivanova and Alexander Tiessen and Marco Aiello},
  date         = {2021-06},
  journaltitle = {{IEEE} Access},
  title        = {A Comparison of Open-Source Home Automation Systems},
  doi          = {10.1109/access.2021.3136025},
  editor       = {Subhas Chandra Mukhopadhyay},
  number       = {10},
  pages        = {167332--167352},
  url          = {https://www.ebook.de/de/product/25454711/david_hanes_gonzalo_salgueiro_patrick_grossetete_iot_fundamentals_networking_technologies_protocols_and_use_cases_for_the_internet_of_things.html},
  volume       = {9},
  booktitle    = {Enabling Things to Talk},
  file         = {:Setz2021.pdf:PDF},
  isbn         = {1587144565},
  publisher    = {Institute of Electrical and Electronics Engineers ({IEEE})},
}

@Article{Sowah2020,
  author       = {Robert A. Sowah and Dale E. Boahene and Dalton C. Owoh and Rexford Addo and Godfrey A. Mills and Wiafe Owusu-Banahene and Gifty Buah and Baffour Sarkodie-Mensah},
  date         = {2020-10},
  journaltitle = {Journal of Sensors},
  title        = {Design of a Secure Wireless Home Automation System with an Open Home Automation Bus ({OpenHAB} 2) Framework},
  doi          = {10.1155/2020/8868602},
  editor       = {Rafael Morales},
  number       = {10},
  pages        = {1--22},
  url          = {https://www.ebook.de/de/product/25454711/david_hanes_gonzalo_salgueiro_patrick_grossetete_iot_fundamentals_networking_technologies_protocols_and_use_cases_for_the_internet_of_things.html},
  volume       = {2020},
  booktitle    = {Enabling Things to Talk},
  file         = {:Sowah2020.pdf:PDF},
  isbn         = {1587144565},
  publisher    = {Hindawi Limited},
}

@Book{Jain2021,
  author       = {Rishabh Jain},
  date         = {2021-11},
  title        = {Advanced Home Automation Using Raspberry Pi},
  doi          = {10.1007/978-1-4842-7274-9},
  editor       = {Subhas Chandra Mukhopadhyay},
  isbn         = {1587144565},
  number       = {10},
  pages        = {1--22},
  publisher    = {Apress},
  url          = {https://www.ebook.de/de/product/25454711/david_hanes_gonzalo_salgueiro_patrick_grossetete_iot_fundamentals_networking_technologies_protocols_and_use_cases_for_the_internet_of_things.html},
  volume       = {2020},
  booktitle    = {2019 {IEEE} International Conference on Internet of Things and Intelligence System ({IoTaIS})},
  file         = {:Jain2021.pdf:PDF},
  journaltitle = {Journal of Sensors},
}

@Article{Kouro2015,
  author       = {Samir Kouro and Jose I. Leon and Dimitri Vinnikov and Leopoldo G. Franquelo},
  date         = {2015-03},
  journaltitle = {{IEEE} Industrial Electronics Magazine},
  title        = {Grid-Connected Photovoltaic Systems: An Overview of Recent Research and Emerging {PV} Converter Technology},
  doi          = {10.1109/mie.2014.2376976},
  editor       = {Subhas Chandra Mukhopadhyay},
  number       = {1},
  pages        = {47--61},
  url          = {https://www.ebook.de/de/product/25454711/david_hanes_gonzalo_salgueiro_patrick_grossetete_iot_fundamentals_networking_technologies_protocols_and_use_cases_for_the_internet_of_things.html},
  volume       = {9},
  booktitle    = {2019 {IEEE} International Conference on Internet of Things and Intelligence System ({IoTaIS})},
  file         = {:Kouro2015.pdf:PDF},
  isbn         = {1587144565},
  publisher    = {Institute of Electrical and Electronics Engineers ({IEEE})},
}

@Article{Ashton2009,
  author       = {Ashton, Kevin},
  date         = {2009-06-22},
  journaltitle = {RFID journal},
  title        = {That ‘internet of things’ thing},
  number       = {7},
  pages        = {97-114},
  volume       = {22},
  file         = {:Ashton2009.pdf:PDF},
}

@WWW{Shurtleff2014,
  author  = {Shurtleff, Mike},
  date    = {2014-07-22},
  editor  = {Clean Technica},
  title   = {The Continuing Exponential Growth Of Global Solar PV Production & Installation},
  url     = {https://cleantechnica.com/2014/07/22/exponential-growth-global-solar-pv-production-installation/},
  urldate = {2022-04-08},
}

@Article{Vijayapriya2011,
  author       = {Tamilmaran Vijayapriya and Dwarkadas Pralhadas Kothari},
  date         = {2011},
  journaltitle = {Smart Grid and Renewable Energy},
  title        = {Smart Grid: An Overview},
  doi          = {10.4236/sgre.2011.24035},
  number       = {04},
  pages        = {305--311},
  volume       = {02},
  file         = {:Vijayapriya2011.pdf:PDF},
  publisher    = {Scientific Research Publishing, Inc.},
}

@Report{IPCC2022,
  institution = {Cambridge University Press, Cambridge, UK and New York, NY, USA.},
  title       = {IPCC, 2022: Climate Change 2022: Mitigation of Climate Change. Contribution of Working Group III to the Sixth Assessment Report of the Intergovernmental Panel on Climate Change},
  doi         = {10.1017/9781009157926},
  editor      = {P.R. Shukla and J. Skea and R. Slade and A. Al Khourdajie and R. van Diemen and D. McCollum and M. Pathak and S. Some and P. Vyas and R. Fradera and M. Belkacemi and A. Hasija and G. Lisboa and S. Luz and J. Malley},
  file        = {:IPCC2022.pdf:PDF},
}

@Article{KouveliotisLysikatos2022,
  author       = {Iasonas Kouveliotis-Lysikatos and Nikos Hatziargyriou and Yanli Liu and Felix Wu},
  date         = {2022},
  journaltitle = {Journal of Modern Power Systems and Clean Energy},
  title        = {Towards an Internet-like Power Grid},
  doi          = {10.35833/mpce.2020.000154},
  number       = {1},
  pages        = {1--11},
  volume       = {10},
  file         = {:KouveliotisLysikatos2022.pdf:PDF},
  publisher    = {Journal of Modern Power Systems and Clean Energy},
}

@Article{Patel2022,
  author       = {Rushil Kaushikkumar Patel and Aparna Kumari and Sudeep Tanwar and Wei-Chiang Hong and Ravi Sharma},
  date         = {2022},
  journaltitle = {{IEEE} Access},
  title        = {{AI}-Empowered Recommender System for Renewable Energy Harvesting in Smart Grid System},
  doi          = {10.1109/access.2022.3152528},
  pages        = {24316--24326},
  volume       = {10},
  file         = {:Patel2022.pdf:PDF},
  publisher    = {Institute of Electrical and Electronics Engineers ({IEEE})},
}

@Manual{Fusionsolar2021,
  author      = {Huawei},
  date        = {2021-12-23},
  title       = {FusionSolar Smart PV Management System Connection User Manual (Inverters + SDongleA)},
  url         = {https://support.huawei.com/enterprise/en/doc/EDOC1100173984?idPath=9452479|21439560|7921563|21102414|21571652},
  file        = {:Fusionsolar2021.pdf:PDF},
  institution = {Huawei},
}

@InCollection{Domb2019,
  author    = {Domb, Menachem},
  booktitle = {{IoT} and Smart Home Automation [Working Title]},
  date      = {2019-11-27},
  title     = {Smart Home Systems Based on Internet of Things},
  doi       = {10.5772/intechopen.84894},
  editor    = {Yasser Ismail},
  isbn      = {978-1-78984-096-4},
  publisher = {{IntechOpen}},
  file      = {:Domb2019.pdf:PDF},
}

@InProceedings{Maksimovic2014,
  author    = {Mirjana Maksimović and Vladimir Vujović and Nikola Davidović and Vladimir Milošević and Branko Perišić},
  booktitle = {Proceedings of 1st International Conference on Electrical, Electronic and Computing EngineeringIcETRAN 2014},
  date      = {2014-06-02},
  title     = {Raspberry Pi as Internet of Things hardware:Performances and Constraints},
  file      = {:Maksimovic2014.pdf:PDF},
}

@Manual{SUN2000L2022,
  author = {Huawei},
  date   = {2022-03-09},
  title  = {SUN2000-(2KTL-6KTL)-L1 Gebruikershandleiding},
  url    = {https://support.huawei.com/enterprise/en/doc/EDOC1100149276?idPath=9452479|21439560|7921563|21102413|22027611},
  file   = {:SUN2000L2022.pdf:PDF},
}

@Comment{jabref-meta: databaseType:biblatex;}
